@INPROCEEDINGS{9438229,  author={Caruso, Basilio and Fatakdawala, Murtaza and Patil, Akshata and Chen, George and Wilde, Markus},  booktitle={2021 IEEE Aerospace Conference (50100)},   title={Demonstration of In-Flight Docking Between Quadcopters and Fixed-Wing UAV},   year={2021},  volume={},  number={},  pages={1-9},  doi={10.1109/AERO50100.2021.9438229}}

@INPROCEEDINGS{9197580,  author={Jain, Karan P. and Mueller, Mark W.},  booktitle={2020 IEEE International Conference on Robotics and Automation (ICRA)},   title={Flying batteries: In-flight battery switching to increase multirotor flight time},   year={2020},  volume={},  number={},  pages={3510-3516},  doi={10.1109/ICRA40945.2020.9197580}}

@misc{garrun_2015, title={The mothership - UAV swarms inspire research into flying aircraft carriers}, url={https://www.airforce-technology.com/analysis/featurethe-mothership-uav-swarms-inspire-research-into-flying-aircraft-carriers-4505474/}, journal={Airforce Technology}, author={Garrun, Daniel}, year={2015}, month={Feb}}

@misc{murray_dominguez_2021, title={Chinese company Zhongtian Feilong unveils UAV 'mothership'}, url={https://www.janes.com/defence-news/news-detail/chinese-company-zhongtian-feilong-unveils-uav-mothership}, journal={Janes.com}, publisher={Jane's Find unrivaled intelligence, consultancy and advertising solutions to the defence and national security sectors.}, author={Murray, Greg and Dominguez, Gabriel}, year={2021}, month={Apr}}

@inproceedings{inproceedings,
author = {Nauwynck, Niels and Balta, Haris and De Cubber, Geert and Sahli, Hichem},
year = {2018},
month = {10},
pages = {},
title = {In-flight launch of unmanned aerial vehicles},
doi = {10.5281/zenodo.1462605}
}